<?xml version="1.0" encoding="UTF-8"?><record xmlns="http://www.loc.gov/MARC21/slim" xmlns:cinclude="http://apache.org/cocoon/include/1.0" xmlns:zs="http://www.loc.gov/zing/srw/">
  <leader>00778nz  a2200205n  4500</leader>
  <controlfield tag="001">no 98088065 </controlfield>
  <controlfield tag="003">DLC</controlfield>
  <controlfield tag="005">19980529052534.2</controlfield>
  <controlfield tag="008">980528n| acaaaaaa|          |a ana     a</controlfield>
  <datafield tag="010" ind1=" " ind2=" ">
    <subfield code="a">no 98088065 </subfield>
  </datafield>
  <datafield tag="035" ind1=" " ind2=" ">
    <subfield code="a">(OCoLC)oca04738756 </subfield>
  </datafield>
  <datafield tag="040" ind1=" " ind2=" ">
    <subfield code="a">DNAL</subfield>
    <subfield code="c">DNAL</subfield>
  </datafield>
  <datafield tag="130" ind1=" " ind2="0">
    <subfield code="a">Documents de travail en économie des filières</subfield>
  </datafield>
  <datafield tag="410" ind1="2" ind2="0">
    <subfield code="a">CIRAD (Organization).</subfield>
    <subfield code="b">Unité de recherche économie des filières.</subfield>
    <subfield code="t">Documents de travail en économie des filières</subfield>
  </datafield>
  <datafield tag="642" ind1=" " ind2=" ">
    <subfield code="a">No 10</subfield>
    <subfield code="5">DNAL</subfield>
  </datafield>
  <datafield tag="643" ind1=" " ind2=" ">
    <subfield code="a">Montpellier, France</subfield>
    <subfield code="b">Centre de coopération internationale en recherche agronomique pour le développement</subfield>
  </datafield>
  <datafield tag="644" ind1=" " ind2=" ">
    <subfield code="a">f</subfield>
    <subfield code="5">DNAL</subfield>
  </datafield>
  <datafield tag="645" ind1=" " ind2=" ">
    <subfield code="a">t</subfield>
    <subfield code="5">DLC</subfield>
    <subfield code="5">DNAL</subfield>
  </datafield>
  <datafield tag="646" ind1=" " ind2=" ">
    <subfield code="a">c</subfield>
    <subfield code="5">DNAL</subfield>
  </datafield>
  <datafield tag="670" ind1=" " ind2=" ">
    <subfield code="a">Fiches produits 1993:</subfield>
    <subfield code="b">t.p. (Documents de travail en économie des filières; CIRAD)</subfield>
  </datafield>
</record>